@article{PhysRevLett.19.527,
  title = {Scattering of 750-MeV Electrons by Calcium Isotopes},
  author = {Bellicard, J. B. and Bounin, P. and Frosch, R. F. and Hofstadter, R. and McCarthy, J. S. and Uhrhane, F. J. and Yearian, M. R. and Clark, B. C. and Herman, R. and Ravenhall, D. G.},
  journal = {Phys. Rev. Lett.},
  volume = {19},
  issue = {9},
  pages = {527--529},
  numpages = {0},
  year = {1967},
  month = {Aug},
  publisher = {American Physical Society},
  doi = {10.1103/PhysRevLett.19.527},
  url = {https://link.aps.org/doi/10.1103/PhysRevLett.19.527}
}
@article{PhysRevLett.19.242,
  title = {Elastic Electron Scattering from Lead-208 at 175 and 250 MeV},
  author = {Bellicard, J. B. and van Oostrum, K. J.},
  journal = {Phys. Rev. Lett.},
  volume = {19},
  issue = {5},
  pages = {242--244},
  numpages = {0},
  year = {1967},
  month = {Jul},
  publisher = {American Physical Society},
  doi = {10.1103/PhysRevLett.19.242},
  url = {https://link.aps.org/doi/10.1103/PhysRevLett.19.242}
}
@book{gottfried,
  title={Quantum Mechanics: Fundamentals},
  author={Gottfried, K. and Yan, T.M.},
  isbn={9780387216232},
  series={Graduate Texts in Contemporary Physics},
  year={2013},
  publisher={Springer New York}
}
